@inproceedings{tretyakov2004machine,
  title={Machine learning techniques in spam filtering},
  author={Tretyakov, Konstantin},
  booktitle={Data Mining Problem-oriented Seminar, MTAT},
  volume={3},
  number={177},
  pages={60--79},
  year={2004}
}

@techreport{M3AAWG2014,
  author = "M\textsuperscript{3}AAWG2014",
  year = "2014",
  institution = "Messaging, Malware and Mobile Anti-Abuse Working Group",
  title = "Report \#16 - 1\textsuperscript{st} Quarter 2012 through
    2\textsuperscript{nd} Quater 2014" }

@article{rao2012economics,
  title={The economics of spam},
  author={Rao, Justin M and Reiley, David H},
  journal={The Journal of Economic Perspectives},
  pages={87--110},
  year={2012},
  publisher={JSTOR}
}

@article{machine-learning-methods-spam, 
  title={Machine Learning Techniques in Spam Filtering},
  author={Konstantin Tretyakov},
  howpublished = "\url{https://www.cs.cmu.edu/~./enron/}"
}

@misc{enron,
  howpublished = "\url{https://www.cs.cmu.edu/~./enron/}",
}

@misc{simpsons-measure,
  howpublished =
    "\url{http://www.tiem.utk.edu/~gross/bioed/bealsmodules/simpsonDI.html}"
}

@misc{matlab-nn,
  howpublished =
    "http://se.mathworks.com/products/neural-network/?refresh=true"
}

